%% This BibTeX bibliography file was created using BibDesk.
%% http://bibdesk.sourceforge.net/


%% Created for Martin Raming at 2018-04-24 11:37:01 -0600 


%% Saved with string encoding Unicode (UTF-8) 

@article{Atkinson,
	Author = {C. Atkinson and R. E Smelser and J. Sanchez},
	Date-Added = {2018-04-24 17:34:27 +0000},
	Date-Modified = {2018-04-24 17:36:52 +0000},
	Journal = {International Journal of Fracture},
	Pages = {279-291},
	Title = {Combined mode fracture via the Cracked Brazilian Disk Test},
	Volume = {18.4},
	Year = {1982}}

@article{Shetty,
	Author = {D. K Shetty and A. R Rosenfield and W. H. Duckworth},
	Date-Added = {2018-04-24 17:34:27 +0000},
	Date-Modified = {2018-04-24 17:36:52 +0000},
	Journal = {Engineering Fracture Mechanics},
	Pages = {825-840},
	Title = {Mixed-mode fracture in biaxial stress state: application of the diametral-compression (Brazilian Disk) test},
	Volume = {26.6},
	Year = {1987}}

@article{Nakano,
	Author = {M. Nakano and K. Kishida and Y. Yamauchi and Y. Sogabe},
	Date-Added = {2018-04-24 17:34:27 +0000},
	Date-Modified = {2018-04-24 17:36:52 +0000},
	Journal = {Journal de Physique IV Colloque},
	Pages = {695-700},
	Title = {Dynamic fracture initiation in brittle materials under combined mode I/II loading},
	Volume = {04 (C8)},
	Year = {1994}}

@article{Meggiolaro,
	Author = {M. A. Meggiolaro and A. C. O. Miranda and J. T. P. Castro and L. F. Martha},
	Date-Added = {2018-04-24 17:34:27 +0000},
	Date-Modified = {2018-04-24 17:36:52 +0000},
	Journal = {Engineering Fracture Mechanics},
	Pages = {2647-2671},
	Title = {Stress intensity factor equations for branched crack growth},
	Volume = {72},
	Year = {2005}}

@article{Jia,
	Author = {Z. Jia and A. Castro-Montero and S.P. Shah},
	Date-Added = {2018-04-24 17:34:27 +0000},
	Date-Modified = {2018-04-24 17:36:52 +0000},
	Journal = {Cement and Concrete research},
	Pages = {125-137},
	Title = {Observation of mixed mode fracture with center notched disk specimens},
	Volume = {26.1},
	Year = {1996}}

@article{ImageJ,
	Author = {W. S. Rasband},
	Date-Added = {2018-04-24 17:34:27 +0000},
	Date-Modified = {2018-04-24 17:36:52 +0000},
	Journal = {U. S. National Institutes of Health, Bethesda Maryland},
	Title = {ImageJ},
	Year = {1997-2016}}

@article{Dai,
	Author = {F. Dai and S. Huang and K. Xia and Z. Tan},
	Date-Added = {2018-04-24 17:34:27 +0000},
	Date-Modified = {2018-04-24 17:36:52 +0000},
	Journal = {Rock Meck Rock Eng},
	Title = {Some Fundemental Issues in Dynamic Compresion and Tension Test of Rocks Using Split Hopkinson Pressure Bar},
	Year = {2010}}

@article{Sampling,
	Author = {H. J. Landau},
	Date-Added = {2018-04-17 21:42:38 +0000},
	Date-Modified = {2018-04-17 21:44:52 +0000},
	Journal = {IEEE},
	Title = {Sampling, Data Transminsion, and the Nyquist Rate},
	Year = {1967}}

@article{wave2,
	Author = {S. Papargyi-Beskou and D. Polyzos and D.E. Beskos},
	Date-Added = {2018-04-17 21:31:08 +0000},
	Date-Modified = {2018-04-17 21:33:30 +0000},
	Journal = {Solids and Structures},
	Title = {Wave dispersion in gradient elastic solids and structures: A unified treatment},
	Year = {2009}}

%@article{Follansbee,
%	Author = {P.S. Follansbee and C. Frantz},
%	Journal = {Tansactions of the ASME},
%	Pages = {93-106},
%	Title = {Wave Propagation in the Split Hopkinson Pressure Bar},
%	Volume = {105},
%	Year = {1983}}

@article{Ozbolt,
	Author = {J. Ozbolt and J. Weerheijm and A. Sharma},
	Date-Added = {2018-04-17 21:42:38 +0000},
	Date-Modified = {2018-04-17 21:44:52 +0000},
	Journal = {IEEE},
	Title = {Dynamic Tensile Resistance of Concrete - Split Hopkinson Bar Test},
	Year = {}}

@article{Davies,
	Author = {R. Davies},
	Date-Added = {2018-04-17 21:42:38 +0000},
	Date-Modified = {2018-04-17 21:44:52 +0000},
	Journal = {IEEE},
	Title = {A critical study of the Hopkinson pressure bar},
	Year = {1948}}

@article{Frew,
	Author = {D.J. Frew and M. J. Forrestal and W. Chen},
	Date-Added = {2018-04-17 21:24:28 +0000},
	Date-Modified = {2018-04-17 21:28:11 +0000},
	Journal = {Experimantal Mechincs},
	Pages = {40-46},
	Title = {A Split Hopkinson Pressure Bar Technique to Determine Compresive Stress-strain Data for Rock Materials},
	Volume = {41},
	Year = {2001}}

@article{Frew2002,
	Author = {D.J. Frew and  M. J. Forrestal and W. Chen},
	Journal = {Experimantal Mechincs},
	Pages = {93-106},
	Title = {Pulse Shaping Techniques for Testing Brittle Materials with a Split Hopkinson Pressure Bar},
	Volume = {42},
	Year = {2002}}

@article{Pulse,
	Author = {D.J. Frew and  M. J. Forrestal and W. Chen},
	Date-Added = {2018-04-17 21:19:27 +0000},
	Date-Modified = {2018-04-17 21:21:36 +0000},
	Journal = {Experimantal Mechincs},
	Title = {Pulse Shapinh Techniques for Testing Brittle Materials with a Split Hopkinson Pressure Bar},
	Year = {2002}}

@article{Grote,
	Author = {D.L. Grote and S.W. Park and M. Zhou},
	Date-Added = {2018-04-17 21:05:47 +0000},
	Date-Modified = {2018-04-17 21:07:36 +0000},
	Journal = {Impact Engineering},
	Title = {Dynamic behavior of concreate at high strain rates and pressures: I. expermintal characterization},
	Year = {2001}}

@article{Li,
	Author = {Z. Li and J. Lambros},
	Date-Added = {2018-04-17 21:02:50 +0000},
	Date-Modified = {2018-04-17 21:04:38 +0000},
	Journal = {Composites Science and Technology},
	Title = {Determination of dynamic response of brittle composites by the use of the split Hopkinson pressure bar},
	Year = {1999}}

@inproceedings{Jin2017,
	Author = {Xiaochao Jin and Cheng Hou and Xueling Fan and Chunsheng Lu and Huawei Yang and Xuefeng Shu and Zhihua Wang},
	Booktitle = {Scientific Reports},
	Title = {Quasi-static and dynamic experimental studies on the tensile strength and failure pattern of concrete and mortar discs},
	Year = {2017}}

@article{Kolsky,
	Author = {H. Kolsky},
	Date-Added = {2018-04-17 20:58:56 +0000},
	Date-Modified = {2018-04-17 21:23:35 +0000},
	Journal = {Proc. Royal Soc.},
	Title = {An Investigation of the Mechanical Properties of Materials at very High Stain Rates of Loadin},
	Year = {1949}}

@article{WaveProp,
	Author = {P.S. Follansbee and C. Frantz},
	Date-Added = {2018-04-17 20:54:54 +0000},
	Date-Modified = {2018-04-17 20:58:24 +0000},
	Journal = {Engineering Materials And Technology},
	Title = {Wave Propagation in the Split Hopkinson Pressure Bar},
	Year = {1983}}

@article{Gama,
	Author = {Bazle A. Gama and Sergey L. Lopatnikov and John W. Gillespie Jr.},
	Date-Added = {2018-04-17 20:49:29 +0000},
	Date-Modified = {2018-04-17 20:54:50 +0000},
	Journal = {Applied Mechanics},
	Title = {Hopkinson bar experimental technique: A critical review},
	Year = {2004}}
	
@manual{dewe,
	Author = {q},
	Date-Added = {2018-02-26 18:46:12 +0000},
	Date-Modified = {2018-02-26 18:46:32 +0000},
	Organization = {q},
	Title = {dewtron 360990}}

@manual{NiOverview,
	Author = {e},
	Date-Added = {2018-02-26 18:44:58 +0000},
	Date-Modified = {2018-02-26 18:45:59 +0000},
	Organization = {e},
	Title = {NI strain Gauge over view}}

@manual{NiTut,
	Author = {w},
	Date-Added = {2018-02-26 18:41:15 +0000},
	Date-Modified = {2018-02-26 18:49:51 +0000},
	Organization = {w},
	Title = {w}}

@book{Shukla,
	Author = {Arun Shukla and James W Dally},
	Date = {2014},
	Optaddendum = {addendum},
	Optafterword = {afterword},
	Optannotator = {annotator},
	Optchapter = {chapter},
	Optcommentator = {commentator},
	Optdoi = {doi},
	Optedition = {edition},
	Opteditor = {editor},
	Opteditora = {editora},
	Opteditorb = {editorb},
	Opteditorc = {editorc},
	Opteprint = {eprint},
	Opteprintclass = {eprintclass},
	Opteprinttype = {eprinttype},
	Optforeword = {foreword},
	Optintroduction = {introduction},
	Optisbn = {isbn},
	Optlanguage = {language},
	Optlocation = {location},
	Optmainsubtitle = {mainsubtitle},
	Optmaintitle = {maintitle},
	Optmaintitleaddon = {maintitleaddon},
	Optnote = {note},
	Optnumber = {number},
	Optoriglanguage = {origlanguage},
	Optpages = {pages},
	Optpagetotal = {pagetotal},
	Optpart = {part},
	Optpublisher = {College House Enterprise},
	Optpubstate = {pubstate},
	Optseries = {series},
	Optsubtitle = {subtitle},
	Opttitleaddon = {titleaddon},
	Opttranslator = {translator},
	Opturl = {url},
	Opturldate = {urldate},
	Optvolume = {volume},
	Optvolumes = {volumes},
	Title = {Experimental Solid Mechanics}}

@misc{MATLAB,
	author = {MathWorks Inc},
	title = {Matlab and Statistics Toolbox Release 2016b},
	date = {2016},
}

@book{Concrete,
	author = {S U Pillai and D Menon},
	title = {Reinforced Concrete Design, Third Edition},
	date = {2014},
}
